<?xml version="1.0" encoding="UTF-8"?><collection xmlns="http://www.loc.gov/MARC21/slim"><record><leader>00457nam--2200145-i-4500</leader><controlfield tag="001">000003653</controlfield><controlfield tag="002">20161230</controlfield><controlfield tag="005">20161230201025</controlfield><controlfield tag="008">060222s1000------------r-----000-0-eng-d</controlfield><datafield ind1=" " ind2=" " tag="080"><subfield code="a">621.396.6</subfield></datafield><datafield ind1=" " ind2=" " tag="100"><subfield code="a">Bodak, L.I., A.A.Lusnikov, G.G.Tulaev</subfield></datafield><datafield ind1=" " ind2=" " tag="245"><subfield code="a">Indreptar pentru montarea aparatajului de ra dio</subfield></datafield><datafield ind1=" " ind2=" " tag="260"><subfield code="a">Bucuresti, Ed.Energetica De Stat, 1954. 234 P. Cu Ilustr</subfield></datafield><datafield ind1=" " ind2=" " tag="490"><subfield code="a">Minist.Energiei Electrice Si Industr.Electro Tehnice</subfield></datafield><datafield ind1=" " ind2=" " tag="852"><subfield code="a">3567</subfield></datafield></record></collection>